<?xml version="1.0"?>
<record xmlns="http://www.loc.gov/MARC21/slim">
  <leader>02360cjm a2200529Ii 4500</leader>
  <controlfield tag="001">a10772410</controlfield>
  <controlfield tag="003">SIRSI</controlfield>
  <controlfield tag="005">20150522003001.0</controlfield>
  <controlfield tag="007">sq zmnznnmznnb</controlfield>
  <controlfield tag="008">150320r19231907gw opnn           n zxx d</controlfield>
  <datafield ind1=" " ind2=" " tag="040">
    <subfield code="a">STF</subfield>
    <subfield code="b">eng</subfield>
    <subfield code="e">rda</subfield>
    <subfield code="c">STF</subfield>
  </datafield>
  <datafield ind1="0" ind2="2" tag="028">
    <subfield code="a">C-663</subfield>
    <subfield code="b">De Luxe Reproducing Record</subfield>
  </datafield>
  <datafield ind1=" " ind2=" " tag="035">
    <subfield code="a">(OCoLC)905365848</subfield>
  </datafield>
  <datafield ind1=" " ind2=" " tag="049">
    <subfield code="a">STFA</subfield>
  </datafield>
  <datafield ind1="1" ind2=" " tag="100">
    <subfield code="a">Brassin, Louis,</subfield>
    <subfield code="d">1840-1884,</subfield>
    <subfield code="e">composer.</subfield>
    <subfield code=" ">UNAUTHORIZED</subfield>
  </datafield>
  <datafield ind1="1" ind2="0" tag="240">
    <subfield code="a">Aus Richard Wagner's Der Ring des Nibelungen.</subfield>
    <subfield code="p">Feuerzauber</subfield>
    <subfield code=" ">UNAUTHORIZED</subfield>
  </datafield>
  <datafield ind1="1" ind2="0" tag="245">
    <subfield code="a">Feuerzauber [aus] (Die Walkure) =</subfield>
    <subfield code="b">(Fire music) /</subfield>
    <subfield code="c">Wagner-Brassin.</subfield>
  </datafield>
  <datafield ind1="3" ind2="1" tag="246">
    <subfield code="a">Fire music</subfield>
  </datafield>
  <datafield ind1=" " ind2="1" tag="264">
    <subfield code="a">N.Y. :</subfield>
    <subfield code="b">De Luxe Reproducing Roll Corp.,</subfield>
    <subfield code="c">[1923]</subfield>
  </datafield>
  <datafield ind1=" " ind2=" " tag="300">
    <subfield code="a">1 audio roll ;</subfield>
    <subfield code="c">12 2/8 in. x 2 6/8 in.</subfield>
  </datafield>
  <datafield ind1=" " ind2=" " tag="336">
    <subfield code="a">performed music</subfield>
    <subfield code="2">rdacontent</subfield>
  </datafield>
  <datafield ind1=" " ind2=" " tag="337">
    <subfield code="a">audio</subfield>
    <subfield code="2">rdamedia</subfield>
  </datafield>
  <datafield ind1=" " ind2=" " tag="338">
    <subfield code="a">audio roll</subfield>
    <subfield code="2">rdacarrier</subfield>
  </datafield>
  <datafield ind1=" " ind2=" " tag="344">
    <subfield code="a">analog</subfield>
    <subfield code="b">mechanical</subfield>
    <subfield code="c">tempo 85</subfield>
  </datafield>
  <datafield ind1="0" ind2="1" tag="382">
    <subfield code="a">piano</subfield>
    <subfield code="n">1</subfield>
    <subfield code="s">1</subfield>
    <subfield code="2">lcmpt</subfield>
  </datafield>
  <datafield ind1=" " ind2=" " tag="500">
    <subfield code="a">Title from roll.</subfield>
  </datafield>
  <datafield ind1="0" ind2=" " tag="511">
    <subfield code="a">Josef Hofmann, piano.</subfield>
  </datafield>
  <datafield ind1=" " ind2=" " tag="500">
    <subfield code="a">Welte-Mignon licensee roll (T-98).</subfield>
  </datafield>
  <datafield ind1=" " ind2=" " tag="500">
    <subfield code="a">Originally released as a Welte-Mignon red roll, number 663, issued in 1907.</subfield>
  </datafield>
  <datafield ind1="4" ind2=" " tag="510">
    <subfield code="a">Smith, Charles Davis &amp; Richard J. Howe. The Welte-Mignon, 1994,</subfield>
    <subfield code="c">page 180.</subfield>
  </datafield>
  <datafield ind1="4" ind2=" " tag="510">
    <subfield code="a">Stitsky, Larry. The classical reproducing piano roll, 1990,</subfield>
    <subfield code="c">page 911.</subfield>
  </datafield>
  <datafield ind1=" " ind2=" " tag="590">
    <subfield code="a">Archive of Recorded Sound copy 1: Comments by Denis Condon on roll leader about tempos and run times.</subfield>
  </datafield>
  <datafield ind1=" " ind2="0" tag="650">
    <subfield code="a">Operas</subfield>
    <subfield code="v">Excerpts, Arranged.</subfield>
    <subfield code=" ">^A1045280</subfield>
  </datafield>
  <datafield ind1=" " ind2="0" tag="650">
    <subfield code="a">Piano music, Arranged.</subfield>
    <subfield code=" ">^A1049181</subfield>
  </datafield>
  <datafield ind1=" " ind2="0" tag="650">
    <subfield code="a">Player piano rolls.</subfield>
    <subfield code=" ">^A1050086</subfield>
  </datafield>
  <datafield ind1=" " ind2="7" tag="655">
    <subfield code="a">Operas.</subfield>
    <subfield code="2">lcgft</subfield>
    <subfield code=" ">^A3299848</subfield>
  </datafield>
  <datafield ind1=" " ind2="7" tag="655">
    <subfield code="a">Reproducing piano rolls.</subfield>
    <subfield code="2">local</subfield>
    <subfield code=" ">UNAUTHORIZED</subfield>
  </datafield>
  <datafield ind1=" " ind2="4" tag="690">
    <subfield code="a">Denis Condon Collection of Reproducing Pianos and Rolls.</subfield>
  </datafield>
  <datafield ind1="1" ind2=" " tag="700">
    <subfield code="a">Hofmann, Josef,</subfield>
    <subfield code="d">1876-1957.</subfield>
    <subfield code=" ">^A174899</subfield>
  </datafield>
  <datafield ind1="1" ind2=" " tag="700">
    <subfield code="i">Based on (work) :</subfield>
    <subfield code="a">Wagner, Richard,</subfield>
    <subfield code="d">1813-1883.</subfield>
    <subfield code="t">Ring des Nibelungen.</subfield>
    <subfield code="p">Walk&#xFC;re.</subfield>
    <subfield code="p">Feuerzauber.</subfield>
    <subfield code=" ">^A1517425</subfield>
  </datafield>
  <datafield ind1="2" ind2=" " tag="710">
    <subfield code="a">De Luxe Reproducing Roll Corporation,</subfield>
    <subfield code="e">publisher.</subfield>
    <subfield code=" ">^A3282154</subfield>
  </datafield>
  <datafield ind1=" " ind2=" " tag="994">
    <subfield code="a">C0</subfield>
    <subfield code="b">STF</subfield>
  </datafield>
  <datafield ind1=" " ind2=" " tag="035">
    <subfield code="a">(OCoLC)905365848</subfield>
  </datafield>
  <datafield ind1=" " ind2=" " tag="590">
    <subfield code="a">Archive of Recorded Sound copy 1: Comments by Denis Condon on roll leader about tempos and run times.</subfield>
  </datafield>
  <datafield ind1=" " ind2="4" tag="690">
    <subfield code="a">Denis Condon Collection of Reproducing Pianos and Rolls.</subfield>
  </datafield>
  <datafield ind1=" " ind2=" " tag="596">
    <subfield code="a">31</subfield>
  </datafield>
  <datafield ind1=" " ind2=" " tag="999">
    <subfield code="a">CONDON ROLL 140</subfield>
    <subfield code="w">ALPHANUM</subfield>
    <subfield code="c">1</subfield>
    <subfield code="i">36105225782312</subfield>
    <subfield code="l">PAGE-AS</subfield>
    <subfield code="m">SAL3</subfield>
    <subfield code="r">N</subfield>
    <subfield code="s">Y</subfield>
    <subfield code="t">NH-INHOUSE</subfield>
    <subfield code="u">3/25/2015</subfield>
  </datafield>
</record>
